<?xml version="1.0" encoding="UTF-8"?><collection xmlns="http://www.loc.gov/MARC21/slim"><record><leader>00432nam--2200133-i-4500</leader><controlfield tag="001">000028844</controlfield><controlfield tag="002">20161230</controlfield><controlfield tag="005">20161230201037</controlfield><controlfield tag="008">060222s1000------------r-----000-0-eng-d</controlfield><datafield ind1=" " ind2=" " tag="100"><subfield code="a">Laporte, Hansgeorg</subfield></datafield><datafield ind1=" " ind2=" " tag="245"><subfield code="a">Die messung von elektrischen spannungen und stromen aller art. vom gleichstrom bis zur hochfrequenz. 2. te auflage</subfield></datafield><datafield ind1=" " ind2=" " tag="260"><subfield code="a">Halle, Veb Knapp, 1957, 195p</subfield></datafield><datafield ind1=" " ind2=" " tag="490"><subfield code="a">Taschenbucher Der Praktischen Phys</subfield></datafield><datafield ind1=" " ind2=" " tag="852"><subfield code="a">4724</subfield></datafield></record></collection>